<record><leader>00000cas a22000007a 4500</leader><controlfield tag="001">37326201</controlfield><controlfield tag="008">970721d19111911okuwr n       0    0eng d</controlfield><datafield ind1=" " ind2=" " tag="010"><subfield code="a">sn 97070090 </subfield></datafield><datafield ind1=" " ind2=" " tag="040"><subfield code="a">OBN</subfield><subfield code="b">eng</subfield><subfield code="c">OBN</subfield><subfield code="d">OCLCQ</subfield><subfield code="d">OCLCO</subfield></datafield><datafield ind1="1" ind2=" " tag="029"><subfield code="a">AU@</subfield><subfield code="b">000013409321</subfield></datafield><datafield ind1=" " ind2=" " tag="042"><subfield code="a">msc</subfield></datafield><datafield ind1=" " ind2=" " tag="043"><subfield code="a">n-us-ok</subfield></datafield><datafield ind1="0" ind2="0" tag="245"><subfield code="a">Carnegie democrat.</subfield></datafield><datafield ind1=" " ind2=" " tag="260"><subfield code="a">Carnegie, Okla. :</subfield><subfield code="b">Paul Nesbitt</subfield></datafield><datafield ind1=" " ind2=" " tag="300"><subfield code="a">v.</subfield></datafield><datafield ind1=" " ind2=" " tag="310"><subfield code="a">Weekly</subfield></datafield><datafield ind1="0" ind2=" " tag="362"><subfield code="a">Vol. 2, no. 47 (Mar. 9, 1911)-v. 3, no. 30 (Nov. 9, 1911).</subfield></datafield><datafield ind1=" " ind2="0" tag="651"><subfield code="a">Carnegie (Okla.)</subfield><subfield code="v">Newspapers.</subfield></datafield><datafield ind1=" " ind2="0" tag="651"><subfield code="a">Caddo County (Okla.)</subfield><subfield code="v">Newspapers.</subfield></datafield><datafield ind1=" " ind2=" " tag="752"><subfield code="a">United States</subfield><subfield code="b">Oklahoma</subfield><subfield code="c">Caddo</subfield><subfield code="d">Carnegie.</subfield></datafield><datafield ind1="0" ind2="0" tag="780"><subfield code="t">Seger County democrat</subfield><subfield code="w">(DLC)sn 97070088</subfield><subfield code="w">(OCoLC)37326101</subfield></datafield><datafield ind1="0" ind2="4" tag="785"><subfield code="t">Carnegie herald</subfield><subfield code="w">(DLC)sn 97070091</subfield><subfield code="w">(OCoLC)37326335</subfield></datafield></record>